@online{projstruct,
title = {Next.js Project Structure},
author = {Next.js},
url = {https://nextjs.org/docs/getting-started/project-structure},
urldate = {2024/04/25}
}